<record><leader>00000cas a22000007a 4500</leader><controlfield tag="001">10922476</controlfield><controlfield tag="008">840706d18421845nyuwr ne      0    0eng d</controlfield><datafield ind1=" " ind2=" " tag="010"><subfield code="a">sn 84031454 </subfield></datafield><datafield ind1=" " ind2=" " tag="040"><subfield code="a">NYG</subfield><subfield code="b">eng</subfield><subfield code="c">NYG</subfield><subfield code="d">NYS</subfield><subfield code="d">OCL</subfield><subfield code="d">OCLCF</subfield><subfield code="d">OCLCO</subfield></datafield><datafield ind1=" " ind2=" " tag="042"><subfield code="a">msc</subfield></datafield><datafield ind1="0" ind2=" " tag="130"><subfield code="a">Washington journal (Union-Village, N.Y.)</subfield></datafield><datafield ind1="0" ind2="0" tag="245"><subfield code="a">Washington journal.</subfield></datafield><datafield ind1=" " ind2=" " tag="260"><subfield code="a">Union-Village, N.Y. :</subfield><subfield code="b">John W. Curtis,</subfield><subfield code="c">1842-</subfield></datafield><datafield ind1=" " ind2=" " tag="300"><subfield code="a">v.</subfield></datafield><datafield ind1=" " ind2=" " tag="310"><subfield code="a">Weekly</subfield></datafield><datafield ind1="0" ind2=" " tag="362"><subfield code="a">Vol. 1, no. 1 (Oct. 13, 1842)-</subfield></datafield><datafield ind1="1" ind2=" " tag="362"><subfield code="a">Ceased in 1845.</subfield></datafield><datafield ind1=" " ind2=" " tag="500"><subfield code="a">Motto: "Be just and fear not."</subfield></datafield><datafield ind1=" " ind2=" " tag="500"><subfield code="a">Union-Village was renamed Greenwich, N.Y. after 1850.</subfield></datafield><datafield ind1=" " ind2="0" tag="651"><subfield code="a">Greenwich (N.Y.)</subfield><subfield code="v">Newspapers.</subfield></datafield><datafield ind1=" " ind2="7" tag="655"><subfield code="a">Newspapers.</subfield><subfield code="2">fast</subfield><subfield code="0">(OCoLC)fst01423814</subfield></datafield><datafield ind1=" " ind2="7" tag="651"><subfield code="a">New York (State)</subfield><subfield code="z">Greenwich.</subfield><subfield code="2">fast</subfield><subfield code="0">(OCoLC)fst01227843</subfield></datafield><datafield ind1=" " ind2=" " tag="752"><subfield code="a">United States</subfield><subfield code="b">New York</subfield><subfield code="c">Washington</subfield><subfield code="d">Union-Village.</subfield></datafield><datafield ind1=" " ind2=" " tag="752"><subfield code="a">United States</subfield><subfield code="b">New York</subfield><subfield code="c">Washington</subfield><subfield code="d">Greenwich.</subfield></datafield><datafield ind1="0" ind2="0" tag="785"><subfield code="t">Washington County journal (Union-Village, N.Y.)</subfield><subfield code="w">(DLC)sn 83031304</subfield></datafield></record>